2959 4909
1286 396 2052 554 ῥ’·ιιΑεΡΑτια

585 605 1035 724 leritatum,
1111 612 1412 729 quibus
1484 616 1969 701 continuum
2020 608 2526 720 erestit,·vel
2596 612 2719 701 de-

583 718 890 831 crescit,
958 753 1352 846 revocare
1397 754 1888 841 coeperunt,
1952 758 2119 815 non
2157 747 2476 813 tanturn
2512 732 2715 852 prin-

582 840 797 949 cipia
827 840 1098 926 minus
1132 840 1568 927 domestica
1617 844 1698 928 in
1727 842 2114 956 Anaiyfin
2148 842 2710 955 introducunt3

581 944 718 1036 sed
753 975 835 1036 et
876 951 1138 1051 eidem
1183 953 1783 1040 fimui'omnem
1814 960 2478 1059 concinnitatem,
2507 981 2705 1070 ‘quae

579 1069 666 1151 in
710 1065 1075 1155 methodi
1129 1067 1527 1177 brevitate
1557 1070 1946 1178 consistit,
2011 1072 2408 1183 eripiunt.

711 1174 930 1300 Qia
975 1179 1325 1295 denique
1376 1209 1701 1267 errores
1756 1210 2041 1270 omnes
2077 1186 2428 1288 evitare,
2480 1182 2700 1269 etiarn

577 1302 933 1380 maxime
977 1291 1572 1409 circumspefito
1632 1294 1866 1381 valde
1899 1298 2011 1383 est
2043 1291 2422 1402 difficile3
2488 1292 2703 1376 si'Be-

539 1410 881 1522 *nignus
912 1406 1235 1495 Lefikor’
1257 1405 1836 1517 observaverit,
1871 1439 2003 1496 me
2042 1409 2382 1512 humani
2413 1401 2709 1519 aliquid

575 1522 888 1636 paffum
950 1520 1142 1629 effe,
1211 1519 1388 1608 satis
1440 1522 1768 1609 consido
1828 1524 2076 1638 ipsius
2143 1523 2584 1637 aequitati„
2620 1538 2708 1602 ut

570 1635 853 1749 potius
902 1631 1427 1742 excusaverit,
1486 1663 1732 1750 quam
1787 1637 2039 1723 'valde
2085 1639 2448 1748 ear-erit
2486 1640 2704 1717 ‘erro-

567 1775 774 1857 rem,
807 1751 948 1862 qui
979 1749 1239 1835 oculis
1272 1744 1542 1835 forsan
1591 1753 1794 1835 meis
1840 1746 1919 1834 se
1964 1779 2130 1835 non
2197 1665 2706 1848 AEbduxiffet,

426 1908 435 1948 .·
565 1860 628 1946 fi
680 1865 978 1971 omnia,
1043 1864 1471 1978 postquam
1530 1867 1755 1978 typis
1807 1859 2096 1958 excusa
2142 1885 2402 1967 erant,
2463 1870 2701 1947 atten-

386 2003 394 2011 ·
485 2054 501 2070 .
566 1997 652 2059 te
695 1975 1123 2109 perlegere
1183 1974 1634 2091 potuissern.
1780 1976 2367 2063 Mathematiea
2403 1969 2703 2089 'scripta

564 2089 650 2174 in
701 2089 1181 2203 regionibus
1207 2091 1501 2175 nostris
1536 2117 1937 2204 perquam
1971 2119 2159 2176 raro
2192 2093 2432 2205 typis
2470 2112 2698 2172 excu-

561 2198 647 2287 di
693 2196 966 2290 solent.
1096 2203 1376 2318 Atque
1423 2202 1627 2296 haec
1676 2202 1933 2291 causta
1977 2205 2113 2313 est,
2151 2232 2307 2292 cur
2361 2198 2697 2312 durante

534 2316 1041 2431 ‘typothetae
1098 2344 1348 2429 opera
1433 2344 1629 2403 cum
1703 2318 2154 2421 litterarum
2227 2310 2690 2405 minuti-,ula-

556 2456 776 2537 rum,
834 2456 1013 2517 tum
1064 2430 1483 2545 signorum
1535 2426 1866 2531 defectu
1900 2425 2234 2518 subinde
2283 2429 2686 2517 laborave-

554 2544 668 2631 rit
710 2542 1058 2651 offieina,
1120 2572 1224 2630 ne
1271 2543 1540 2632 dicam
1574 2543 1799 2659 quod
1836 2545 1981 2658 ipfi
2015 2542 2501 2661 typothetae
2533 2540 2704 2627 hoc.

619 2684 825 2746 enus
918 2653 1376 2775 scriptionis
1465 2656 1705 2745 valde
1781 2652 2033 2744 fuerit
2104 2655 2684 2746 inconsvetum.

547 2683 837 2895 {uate
881 2770 986 2860 ab
1020 2773 1402 2860 omnibus
1432 2770 1753 2858 mendis
1794 2798 2191 2887 purgare·
2218 2771 2387 2859 hoc
2445 2790 2716 2884 opus·.

551 2887 837 2974 culum
916 2882 1101 2974 fere.
1152 2884 1632 3000 impoffibile
1711 2884 1904 2979 fuit,
1986 2891 2379 3003 quamvis·
2424 2881 2683 2971 omnis

548 3024 747 3085 eum
796 3003 878 3088 in
934 3000 1180 3087 finem
1240 3027 1435 3085 cura
1487 2999 1850 3113 adhibita
1899 3000 2016 3097 sit.
2116 3000 2340 3088 -Sub
2381 2997 2684 3085 calcem

539 3108 799 3224 ‘hujus
847 3113 1032 3201 libri
1072 3113 1464 3229 quasdam
1488 3118 1870 3200 annotavi
1960 3119 2380 3231 integrum
2412 3130 2684 3198 autem

542 3221 854 3342 librum
901 3226 1172 3318 debita
1213 3231 1652 3315 attentione
1716 3183 2146 3343 perffegere
2209 3254 2377 3315 non
2427 3220 2680 3338 potui.

527 3369 535 3379 ·
631 3345 643 3381 =
676 3339 885 3430 Vale
919 3339 1006 3437 B;
1026 3342 1125 3432 L.
1158 3341 1524 3455 mihique
1551 3335 1763 3425 fave.
1874 3342 2245 3432 Scribam
2272 3332 2677 3431 Rostochii

534 3450 834 3604 ‘Mense
877 3456 1215 3546 Martio·
1253 3450 1812 3598 MDCCLX..
