2959 4909
177 601 180 610 1
380 503 384 510 ’
615 483 690 570 PR
703 479 827 570 ΑΕΒ
835 477 993 568 Arm.

278 674 955 790 mammaemammal
983 667 1152 761 sufficiet
1174 665 1345 758 testimo-

278 801 407 902 nium.
464 795 616 924 „Qod
635 791 811 880 omnibus
830 788 999 900 scriptis,
1021 780 1213 898 quaellnr
1237 791 1351 869 Ana-⁷

280 915 374 1038 ‚gali
393 921 480 1032 dent
500 901 712 1028 compofita,
741 903 784 990 id
801 903 1058 1026 ¹potilstmum
1089 897 1342 1004 Mechanicis

279 1033 497 1149 „obtingit
524 1047 571 1110 ut
590 1021 733 1126 letior,
759 1013 913 1108 etiamfi
934 1012 985 1098 de
1007 1013 1175 1102 veritate
1199 997 1341 1101 dorum

280 1175 410 1264 „uuae
442 1134 732 1258 proferuntur,
761 1133 1060 1234 convincatur,
1096 1146 1343 1225 tamennon

280 1261 397 1376 „sotis
418 1259 567 1343 claram
592 1274 633 1334 ct
656 1241 880 1332 distindtam
904 1268 1049 1328 eorum
1065 1241 1348 1354 cognitionem

244 1429 256 1442 ,.
280 1375 544 1498 „assequatun
580 1367 635 1448 ita
662 1369 709 1446 ut
733 1355 897 1473 easdem
921 1354 1185 1471 quaestionem
1210 1349 1240 1435 fi
1265 1373 1347 1434 tan·

199 1574 204 1584 .
256 1489 440 1605 ,tilium
463 1479 744 1592 immutentur,
776 1472 950 1585 proprio
975 1462 1103 1552 marte
1134 1461 1207 1550 v'ix
1228 1456 1347 1548 resol-

281 1630 406 1716 „vere
438 1585 589 1700 valeat,
607 1589 696 1674 'nlfi
730 1579 815 1784 ipse
847 1588 889 1670 in
929 1576 1125 1692 Analyfin
1157 1579 1351 1690 inquirat,

281 1713 553 1831 „easdemque
623 1729 730 1816 ropo
746 1702 893 1786 itiones
919 1693 1118 1805 analytica
1145 1686 1347 1775 methodo

282 1827 488 1944 „evolvat
497 1887 522 1930 „
577 1733 856 1933 donaverim
884 1809 1079 1921 leguntur
1100 1805 1142 1888 in
1176 1798 1377 1914 Prafirs

280 1951 386 2036 tione
403 1939 507 2026 Tomi
517 1937 544 2022 l.
558 1927 824 2021 'Michanicen
888 1920 1000 2008 ldem
1024 1913 1347 2004 SummusGeo·

282 2073 413 2154 metra
437 2049 509 2138 sub
535 2049 656 2134 linem
685 2038 808 2130 huius
856 2031 1121 2152 praelationis
1192 2014 1355 2132 ustulat,

282 2201 330 2272 ut
351 2163 568 2278 inAnalyst
599 2178 682 2245 tam
704 2151 925 2268 finitorum,
945 2171 1064 2260 qnam
1098 2055 1352 2252 inssititmnm

284 2285 375 2384 satis
399 2283 447 2370 stt
468 2278 731 2376 exercitatus,
762 2268 834 2382 qui
864 2264 1002 2350 omnia
1029 2258 1080 2344 ab
1107 2248 1195 2370 ipso
1221 2251 1351 2365 expll-

285 2427 371 2515 pna
386 2396 624 2506 :intelligere
645 2408 685 2470 et
700 2383 781 2470 fine
801 2371 1120 2464 manudutlione
1142 2369 1351 2478 hocopus

285 2513 500 2636 perlegere
526 2501 636 2592 velit.
677 2545 680 2552 ·
721 2489 804 2590 Sed
835 2487 936 2624 quid
954 2499 1069 2602 opus
1096 2483 1154 2570 est
1176 2479 1355 2566 testimo·

284 2636 376 2737 niis,
405 2652 502 2712 cnm
527 2611 611 2731 ipsa
628 2639 702 2710 res·
717 2633 860 2721 negari
881 2631 906 2688 a
928 2604 1090 2688 nemine
1112 2618 1246 2712 queat,
1268 2593 1355 2720 ‚qui

285 2748 470 2844 animum
499 2727 680 2822 adtendit
705 2721 759 2808 ad
786 2720 923 2806 omnia
958 2711 1193 2801 Doctorum
1224 2703 1377 2815 hujus*

286 2857 470 2949 scientiae
498 2851 655 2966 primae
688 2829 979 2949 magnitudinis
1016 2823 1175 2938 scripta,
1199 2817 1259 2906 'ad
1276 2844 1356 2920 vo·

286 2975 440 3064 lumina
464 2961 701 3059 celebrium,
732 2975 837 3066 quae
858 2943 983 3032 hodie
1009 2937 1169 3044 florent,
1193 2928 1367 3020 Acade·-

287 3093 463 3177 miarum
479 3103 519 3166 et
536 3075 797 3170 Societatem,
814 3086 854 3147 et
880 3085 983 3172 quae
1000 3075 1265 3142 communem
1277 3048 1358 3132 im·

289 3195 474 3319 pendunt
493 3213 672 3308 ,operam
699 3185 742 3268 in
767 3167 1025 3291 perficiendis
1051 3191 1134 3253 tam
1159 3159 1365 3250 theoreti-

289 3319 349 3404 cis
383 3335 507 3428 quam
542 3297 731 3421 prasiicis
772 3289 896 3378 huius
937 3279 1121 3369 scientiae
1152 3274 1362 3386 partibus.

365 3431 372 3447 '
474 3426 482 3442 ‘
623 3408 632 3427 ’
663 3403 800 3498 ¹smodi
821 3395 1020 3514 scriptum
1045 3391 1263 3504 intelliget,
1293 3389 1360 3472 ni-

209 3595 218 3612 ·
272 3605 276 3608 -
418 3539 641 3626 marlotum
685 3507 895 3610 universae
937 3507 1179 3620 Analyticae
1221 3500 1362 3607 Attio,

290 3673 582 3776 praceptorum
605 3639 786 3728 imbutus
801 3627 885 3740 jam
908 3625 967 3710 est
985 3618 1156 3708 scientia.
1219 3614 1265 3698 ln
1280 3639 1362 3707 nu·

292 3797 408 3860 mero
437 3787 603 3861 cortun,
626 3752 700 3868 ,qui
726 3751 770 3834 in
794 3731 1171 3829 Academia'nostra
1192 3721 1363 3812 Mathe·

291 3888 350 3976 fin
377 3877 679 3968 Elementat'em
722 3885 792 3948 me
826 3851 1044 3941 andierunt
1069 3843 1366 3960 explicantem,

293 3997 450 4110 semper
470 3983 719 4080 selefiliorem
743 3965 947 4092 quendam
967 3963 1104 4050 inveni
1125 3977 1291 4043 coetum
1304 3950 1367 4040 ad

292 4109 527 4202 sublimiora
552 4117 718 4216 quoqne
739 4073 972 4174 Matheseos
995 4057 1366 4192 praeceptaadspi-

291 4231 599 4334 autumatque
626 4237 668 4298 tn
686 4193 943 4324 ,explicanda
969 4187 1140 4301 Analyfi
1170 4182 1367 4311 Elemen-

1187 4357 1193 4364 ·
1306 4311 1365 4377 trs
