2959 4909
612 425 998 523 praeturio.

114 714 141 775 ·.
267 630 379 749 dfit
419 634 536 751 redo
564 626 762 777 aequalis.
819 637 932 777 ‘Ipsa
962 596 1068 748 dero
1113 654 1264 753 fratiio
1295 643 1364 794 ἦ»

268 806 442 897 limitem
464 830 549 893 ¹:
584 791 837 927 o,attingere
863 842 947 901 non
965 812 1120 928 potest,
1145 783 1220 903 nin
1238 776 1365 914 fimuii

268 950 301 1011 x
324 921 508 1039 adtingat
533 922 716 1033 limitem,
745 928 850 1013 uitta
879 954 1004 1042 quem
1028 920 1217 1021 creseere
1238 958 1350 1047 pror·

269 1030 335 1125 sus
368 1041 520 1153 nequit.
593 1036 772 1159 ,Quodsi
791 1045 902 1127 enim
923 1038 1160 1151 assumatur,
1185 1072 1221 1129 x
1252 1043 1342 1129 ulte

269 1188 358 1275 rius
375 1192 519 1303 augeri
543 1189 668 1305 poiie,
688 1189 716 1279 fi
738 1172 924 1321 {fuerit
942 1220 1023 1275 z
1053 1221 1097 1303 0,
1127 1198 1257 1282 etiam
1272 1185 1348 1307 ipsa

115 1366 120 1379 ·
271 1332 421 1427 frauto
445 1290 820 1428 ulterrus¹dtmrnur
849 1364 890 1427 et
926 1341 1054 1435 niuno
1088 1355 1235 1435 minor
1266 1366 1352 1428 eva-

272 1450 370 1539 dere
391 1452 558 1565 -poffet,
602 1454 716 1571 quod
741 1470 744 1475 ’
765 1456 936 1567 prorius
988 1460 1240 1577 impoffibile
1285 1454 1353 1545 est.

272 1560 528 1765 Qqantitates
553 1572 763 1684 negativas
781 1563 892 1657 sensu
910 1578 1087 1663 maxime
1110 1572 1353 1689 improprio

272 1686 318 1775 oi,
351 1678 403 1763 ilo
437 1684 618 1771 minores
651 1683 804 1788 vocari,
821 1680 993 1775 ostendit
1021 1690 1214 1802 Magnus
1249 1688 1354 1771 inter

272 1790 499 1881 hodiernos
554 1791 789 1885 Matheseos
843 1793 1050 1889 Dodones
1105 1802 1357 1901 Geometra,

274 1905 417 2001 CEL.
448 1906 904 1997 KAESTNERVS
942 1916 983 2001 in
1012 1914 1194 2003 Arithm.
1222 1909 1260 2024 ᾗ.
1286 1929 1359 2019 95.

275 2016 403 2221 Qapd
428 2028 532 2111 conr
559 2026 614 2113 ita
641 2019 678 2111 se
704 2022 861 2130 habeat,
894 2050 1008 2114 extra
1031 2056 1156 2115 omne
1180 2024 1358 2111 dubium

274 2158 454 2253 portum
483 2136 539 2225 est
561 2136 761 2243 offertum,
787 2136 902 2252 quod
928 2138 1217 2233 denominatur
1232 2163 1273 2226 x*
1289 2130 1353 2220 ad·

273 2252 407 2365 tingat
446 2248 629 2354 limitem,
661 2250 767 2338 ultra
806 2278 931 2365 quem
963 2250 1145 2343 crescere
1176 2246 1358 2364 amplius

275 2366 433 2477 nequit,
456 2360 585 2484 dipsa
609 2364 755 2452 fraitio
785 2364 956 2453 iimitem
987 2392 1071 2453 z:
1102 2398 1130 2455 0
1157 2365 1356 2475 adtingat.

277 2477 421 2589 Atque
448 2506 502 2564 ex
525 2478 592 2567 his
614 2476 818 2566 concludo
842 2478 1052 2594 sequentes
1079 2480 1239 2569 infinite
1268 2496 1354 2589 par·

209 2607 214 2616 ‘
278 2594 324 2679 vi
341 2590 556 2678 et'infinite
579 2597 716 2707 magni
743 2594 945 2683 notiones.
1004 2592 1158 2681 infinite
1176 2609 1357 2707 parvum

280 2706 338 2795 est
364 2704 492 2809 limes,
520 2706 572 2819 ad
590 2734 714 2823 quem
738 2709 939 2821 quantitas
964 2704 1244 2798 decrescendo
1321 2722 1357 2785 r·

280 2841 410 2939 petuo
442 2818 770 2935 adpropinquat,
818 2846 944 2936 quem
976 2846 1079 2908 vero
1110 2848 1197 2906 non
1229 2846 1253 2907 a
1285 2816 1357 2899 tin·

280 2934 370 3051 git,
412 2932 617 3049 quamdiu,
640 2936 696 3023 est
741 2931 1006 3025 determinata
1035 2956 1077 3025 et
1106 2926 1357 3048 assignabilis

173 3100 178 3107 ·
281 3050 504 3161 quantitas,
541 3042 609 3137 sed
633 3068 825 3163 quocum
862 3050 1066 3163 quantitas
1098 3045 1173 3133 eise
1202 3043 1361 3135 definit.

282 3160 441 3253 Infinite
462 3162 661 3277 naagnum
687 3162 745 3248 est
774 3162 913 3269 limes,
933 3155 984 3247 ad
1010 3188 1134 3275 quem
1155 3160 1359 3287 quantitas

284 3278 482 3391 continuo
523 3274 744 3366 crescendo
795 3299 1000 3408 perpetuo
1037 3272 1359 3388 adpropinquat,

284 3416 410 3505 quem
427 3416 529 3479 vero
546 3418 629 3477 non
655 3386 841 3500 adtingit,
864 3384 1060 3502 quamdiu
1080 3409 1216 3498 manet
1233 3406 1360 3501 quan·

176 3536 182 3543 ·
286 3528 378 3707 {pass
404 3499 685 3639 determinata,
720 3498 787 3591 sed
811 3529 994 3617 quocum
1016 3498 1261 3622 aisagnabiiis
1283 3488 1360 3582 eise

320 3641 444 3706 emit.

378 3728 598 3820 Caeterum
639 3721 822 3819 scientiae
854 3722 978 3822 huius
1023 3725 1215 3843 dogmata
1254 3718 1361 3809 mihi

289 3841 514 3961 repetenda
547 3865 662 3931 erant
687 3870 752 3934 ex-
771 3837 864 3953 ipfis
905 3838 1102 3935 fontibus·
1118 3870 1160 3933 et
1200 3834 1274 3923 feri
1308 3834 1360 3919 tis

291 3956 558 4073 originalibus
578 3972 660 4045 tam
673 3954 979 4060 VETERVM,
997 3982 1122 4069 quana
1150 3951 1259 4042 REC
1299 3944 1359 4031 N-

144 4161 153 4175 ,
291 4070 527 4163 TiORVM
570 4068 811 4163 immortalis
859 4072 1083 4158 memoriae
1121 4065 1361 4158 Geometra-

292 4194 401 4301 rum,
443 4208 700 4301 eventura,
752 4196 1096 4295 ancurusots,
1142 4200 1359 4276 nauseo

1262 4316 1357 4394 un,

290 4446 349 4459 μ
