2959 4909
534 424 918 537 valtramo.

186 624 453 821 &pertinent
485 620 736 737 problemata
782 620 835 709 de
879 615 1170 732 isoperimetris
1199 613 1252 703 de

293 734 549 823 braevillima
580 740 619 821 in
642 740 787 844 quavis
819 732 1030 851 superficie
1062 754 1103 817 et
1126 731 1249 831 huius

190 852 336 957 gereris
369 852 464 942 alia.
560 850 693 965 Spero
721 876 857 935 autem
888 843 991 953 fore,
1027 870 1076 930 ut
1108 847 1156 952 is,
1181 846 1250 963 cui
1326 938 1331 943 ,

182 965 320 1067 omrtia,
342 990 454 1080 quae
476 957 687 1080 proposui,
709 959 798 1049 satis
824 959 914 1048 sunt
936 956 1158 1065 familiaria,
1173 963 1247 1045 mi·

169 1100 212 1159 ra
229 1072 431 1163 facilitate
469 1079 694 1194 prolixiora
720 1078 943 1181 volumina,
972 1098 1076 1187 qnae
1098 1071 1246 1161 indica·

168 1210 226 1274 tas
251 1188 472 1277 doctrinas
495 1220 546 1277 cx
569 1191 747 1277 instituto
777 1209 1033 1305 proponunt,
1049 1187 1246 1303 intellige·

166 1330 221 1411 rc,
243 1328 377 1420 atque
396 1308 439 1391 in
470 1307 691 1421 proprium
715 1298 834 1391 usum
859 1325 1011 1391 vocare
1026 1324 1160 1415 queat.

261 1466 342 1577 Ea,
361 1496 468 1584 quae
500 1478 533 1579 §.
548 1500 610 1582 24.
632 1494 673 1557 et
693 1492 762 1581 25.
786 1461 906 1555 Attal.
923 1462 1055 1554 Maro.
1080 1460 1134 1550 de
1158 1462 1244 1551 infi-

162 1585 246 1667 nite
276 1588 406 1698 parvi
437 1607 479 1669 et
505 1582 656 1669 infinite
680 1586 820 1697 magni
842 1584 1009 1668 notione
1025 1576 1243 1693 explicavi,

168 1720 214 1779 ex
235 1700 429 1811 genuina
456 1696 621 1812 quidem
647 1695 993 1811 multiplicationis
1014 1716 1055 1777 et
1082 1689 1242 1778 divifio·

172 1812 225 1893 ris
245 1810 754 1925 notione,quainAnalyfi
777 1801 1135 1913 urimondistinae
1150 1798 1242 1891 satis

170 1919 313 2009 deduci
330 1920 509 2038 poliunt.
564 1922 696 2010 Pauca
705 1946 845 2009 tamen
853 1920 935 2007 hoc
955 1918 1049 2006 loco
1064 1918 1241 2035 explica·

162 2039 210 2121 tis
232 2034 414 2144 addam,
450 2064 553 2151 quae
589 2036 813 2124 distinctius
837 2028 972 2123 forsan
1000 2055 1042 2117 et
1068 2032 1241 2119 uberius
1299 2036 1302 2042 ’

243 2150 376 2236 licant
393 2177 502 2256 eum,
534 2179 658 2265 quem
686 2148 738 2236 de
764 2148 920 2235 infinito
950 2144 1240 2233 mathematico
1375 2148 1377 2153 ’

160 2290 215 2348 mr
249 2258 447 2371 iformo,
461 2288 721 2381 conceptum.
786 2264 919 2348 Series
935 2262 1157 2374 reciproca,
1171 2286 1239 2347 eu·
1314 2319 1317 2325 -

159 2438 211 2497 us
240 2416 453 2502 terminus
487 2410 687 2532 generalis
716 2410 773 2496 est
811 2394 875 2538 ξ,
886 2416 939 2500 ita
957 2381 1014 2500 est
1027 2432 1237 2526 compara·
1314 2463 1370 2513 5-

167 2582 272 2667 taut
295 2558 393 2671 ejus
425 2565 598 2668 termini,
631 2558 826 2677 ponendo
858 2563 952 2651 loco
976 2590 1010 2650 x
1040 2584 1238 2651 numeros

165 2676 207 2763 in
235 2674 390 2763 ordine
417 2678 587 2766 naturali
608 2673 933 2790 progredientes,
964 2700 1023 2785 ut,
1055 2706 1083 2784 1,
1098 2705 1135 2781 2,
1149 2700 1237 2783 3,4‚
1334 2680 1342 2700 ’

157 2818 197 2896 5,
211 2812 290 2885 etc.
325 2796 524 2880 continno
545 2790 790 2900 decrescant,
812 2793 867 2878 ita
896 2788 1079 2907 quidem,
1097 2812 1146 2875 ut
1164 2815 1235 2902 cy·

156 2940 277 3059 Phra,
311 2937 384 3029 seu
410 2972 452 3049 o,
476 2942 523 3029 fit
543 2940 758 3045 terminum
772 2936 824 3025 ad
859 2968 984 3057 quem
1001 2919 1230 3066 froddo-{-

157 3096 363 3179 continuo
386 3088 553 3206 quidem
589 3088 915 3206 adpropinquat,
948 3118 1075 3207 quem
1096 3113 1233 3179 tamen

156 3206 339 3321 proprie
369 3232 578 3319 nunquam
603 3204 799 3318 adtingit,
842 3202 1037 3321 ponendo
1078 3204 1172 3293 loco
1199 3230 1234 3291 x

106 3350 107 3387 ι
157 3345 360 3409 numeros
378 3322 640 3437 quantumvis
658 3344 844 3431 magnos,
861 3381 863 3388 -
909 3312 995 3434 lpse
1019 3336 1121 3406 vero
1137 3346 1233 3427 eon·

159 3457 308 3544 neptus
339 3429 497 3518 dehoc
526 3431 652 3521 limite
683 3458 809 3519 verus
833 3454 875 3518 et
899 3433 1018 3519 realis
1046 3432 1122 3538 est,
1155 3460 1232 3519 nec
1328 3521 1331 3530 ,

161 3539 236 3631 sola
271 3538 411 3631 forsan
448 3544 629 3633 chimera
658 3541 885 3634 intellestus
908 3548 1046 3632 nostri.
1102 3546 1145 3633 Si
1165 3544 1231 3634 de·

159 3696 394 3783 nominator
409 3718 442 3779 x
459 3718 568 3781 certa
590 3693 682 3809 lege
709 3689 869 3803 crescat,
891 3691 974 3813 ipsa
995 3686 1144 3781 fraffio
1172 3678 1226 3823 -ξ-
1297 3794 1301 3800 ,

163 3840 269 3931 hunc
292 3844 466 3935 limitem
486 3842 582 3943 aliu
598 3846 798 3959 attingere
819 3844 962 3961 potest,
991 3840 1106 3961 quod
1122 3872 1165 3934 v.
1188 3870 1230 3958 g.
1313 3887 1318 3900 ·

162 3997 309 4103 evenit,
345 3992 378 4081 fi
409 4020 444 4081 x
476 3988 642 4081 denotet
670 4017 925 4112 tangentem,
965 3974 1228 4125 ideoque-⁸5
1343 3980 1348 4000 '

159 4162 441 4263 cotangentent
470 4146 610 4265 anguli
643 4146 704 4375 lp(
730 4176 780 4237 eo
804 4140 907 4259 casu,
933 4176 1034 4265 qtto⁴
1049 4144 1227 4345 angttlup

728 4287 756 4371 4
1063 4342 1069 4347 .
1186 4329 1198 4343 .
